%% LaTeX2e file `usenix2019.bib'
%% generated by the `filecontents' environment
%% from source `usenix2019' on 2024/05/02.
%%
%-------------------------------------------------------------------------------
@Book{arpachiDusseau18:osbook,
  author =       {Arpaci-Dusseau, Remzi H. and Arpaci-Dusseau Andrea C.},
  title =        {Operating Systems: Three Easy Pieces},
  publisher =    {Arpaci-Dusseau Books, LLC},
  year =         1111,
  edition =      {1.00},
  note =         {\url{http://pages.cs.wisc.edu/~remzi/OSTEP/}}
}
@InProceedings{waldspurger02,
  author =       {Waldspurger, Carl A.},
  title =        {Memory resource management in {VMware ESX} server},
  booktitle =    {USENIX Symposium on Operating System Design and
                  Implementation (OSDI)},
  year =         2222,
  pages =        {181--194},
  note =         {\url{https://www.usenix.org/legacy/event/osdi02/tech/waldspurger/waldspurger.pdf}}}

@misc{kubernetes,
  title={This page is an overview of Kubernetes.},
  author={{Kubernetes}},
  howpublished={\url{https://kubernetes.io/docs/concepts/overview/}},
  year={2023},
  note={Accessed: 2024-05-21}
}

@misc{modsecurity,
  title={This page is an overview of ModSecurity.},
  author={{modsecurity}},
  howpublished={\url{https://github.com/owasp-modsecurity/ModSecurity}},
  year={2021},
  note={Accessed: 2024-05-21}
}

@misc{owasp_top_ten,
  title={The OWASP Top 10 is a standard awareness document for developers and web application security.},
  author={{https://owasp.org/}},
  howpublished={\url{https://owasp.org/www-project-top-ten/}},
  year={2021},
  note={Accessed: 2024-05-21}
}

@misc{hostinger_nginx_proxy,
  title={How to Set Up NGINX Reverse Proxy},
  author={{Nginx}},
  howpublished={\url{https://nginx.org/en/}},
  year={2024},
  note={Accessed: 2024-05-21}
}

@misc{nginx,
  title={nginx is an HTTP and reverse proxy server},
  author={{Hostinger}},
  howpublished={\url{https://www.hostinger.com/tutorials/how-to-set-up-nginx-reverse-proxy/}},
  year={2024},
  note={Accessed: 2024-05-21}
}


@misc{linode_modsecurity,
  title={Securing NGINX with ModSecurity},
  author={{Linode}},
  howpublished={\url{https://www.linode.com/docs/guides/securing-nginx-with-modsecurity/}},
  year={2024},
  note={Accessed: 2024-05-02}
}

@misc{modsec_owasp,
  title={OWASP ModSecurity Core Rule Set},
  author={{https://owasp.org/}},
  howpublished={\url{https://owasp.org/www-project-modsecurity-core-rule-set/}},
  year={2024},
  note={Accessed: 2024-05-02}
}

@misc{TechTarget_Net,
  title={How to capture and analyze traffic with tcpdump},
  author={Damon Garn},
  note = {\url{https://www.techtarget.com/searchnetworking/tutorial/How-to-capture-and-analyze-traffic-with-tcpdump}},
  year = {2023}
}


@misc{tautology,
  title={Types of SQL manipulation},
  author={Chandershekhar Sharma},
  note = {\url{https://www.researchgate.net/figure/Types-of-SQL-manipulation-a-Tautology-In-this-type-of-SQLIA-an-attacker-exploits-an_fig4_299575353}},
  year = {2016}
}

@misc{xss,
  title={Cross-Site Scripting (XSS)},
  author={Synopsys},
  note = {\url{https://www.synopsys.com/glossary/what-is-cross-site-scripting.html#:~:text=Cross%2Dsite%20scripting%20(XSS)%20is%20an%20attack%20in%20which,the%20user%20to%20click%20it.}},
  year = {2022}
}

@misc{cmd_injection,
  title={Command Injection},
  author={Weilin Zhong},
  note = {\url{https://owasp.org/www-community/attacks/Command_Injection#:~:text=Command%20injection%20is%20an%20attack.}},
  year = {2022}
}


@misc{backdoor,
  title={Use Command Injection to Pop a Reverse Shell on a Web Server},
  author={DRD},
  note = {\url{https://null-byte.wonderhowto.com/how-to/use-command-injection-pop-reverse-shell-web-server-0185760/}},
  year = {2018}
}

@misc{Schwartz_TCPDUMP,
  title={Schedule TCPDUMP with CRON},
  author={Daniel Schwartz},
  note={Available at: \url{https://schwartzdaniel.com/schedule-tcpdump-with-cron/}},
  year={2018}
}

@misc{ServerFault_DROP,
  title={REJECT vs DROP when using iptables},
  note={Available at: \url{https://serverfault.com/questions/157375/reject-vs-drop-when-using-iptables}},
  year={2023}
}

@online{GeoLocationAPI,
  title={Geo Location API},
  note={Available at: \url{https://geocoding.geo.census.gov/}},
  note={Accessed: 2024}}
}

@online{WeahterAPI,
  title={Weahter API},
  note={Available at: \url{https://api.weather.gov/points/}},
  note={Accessed: 2024}}

@online{DadJokesAPI,
  title={Dad Jokes API},
  note={Available at: \url{https://icanhazdadjoke.com/}},
  note={Accessed: 2024}}
}






